@misc{ machineTuring01,
       author = "Olivier Hudry",
       title = "Machines de Turing et complexité algorithmique"
}
@misc{ avgComplexity01,
        title = "Average Case Analysis of NP-complete Problems: Maximum Independent Set and Exhaustive Search Algorithms",
        author = "Bandrier, Cyril and Hwang, Hsien-Kuei and Ravelomana, Vlady and Zacharovas, Vytas",
        howpublished = "\url{https://lipn.univ-paris13.fr/~banderier/Papers/BaHwRaZa.pdf}"
}
@misc{ avgComplexity02,
        title = "Notes on Levin’s Theory of Average-Case Complexity",
        author = "Oded Goldreich",
        howpublished = "\url{http://www.wisdom.weizmann.ac.il/~/oded/COL/lnd.pdf}",
}
@misc{ analyseStatique01,
        title = "Analyse statique : de la théorie à la pratique, Analyse statique de code embarqué de grande taille, génération de domaines abstraits",
        author = "David Monniaux",
        howpublished = "\url{http://www-verimag.imag.fr/~monniaux/biblio/Monniaux_HDR.pdf}"
}
@misc{ compilateur01,
        title = "(Ré)introduction à la compilation",
        author = "Cédric Bastoul",
        howpublished = "\url{http://icps.u-strasbg.fr/~bastoul/teaching/compilation/bastoul_introduction_compilation.pdf}"
}
@misc{ compilateur02,
        title = "Compilateur",
        howpublished = "\url{https://fr.wikipedia.org/wiki/Compilateur}"
}
@misc{ linter01,
        title = "Lint, a C Program Checker",
        date = "1988",
        howpublished = "\url{http://tack.sourceforge.net/olddocs/lint.pdf}"
}
@misc{ codesource01,
    title = "Tri à bulles",
    howpublished = "\url{https://fr.wikipedia.org/wiki/Tri_\%C3\%A0_bulles}"
}

@misc{ codesource02,
        title = "Analyse statique : de la théorie à la pratique, Analyse statique de code embarqué de grande taille, génération de domaines abstraits",
        howpublished = "http://www-verimag.imag.fr/~monniaux/biblio/Monniaux\_HDR.pdf",
        author = "David Monniaux",
}
@misc{ moore01,
        title = "Intel Rechisels the Tablet on Moore’s Law",
        date = "2015-07-16",
        howpublished = "https://blogs.wsj.com/digits/2015/07/16/intel-rechisels-the-tablet-on-moores-law/"
}
@misc{ moore02,
        title = "Analyse de la complexité des algorithmes",
        howpublished = "https://fr.wikipedia.org/wiki/Analyse\_de\_la\_complexit\%C3\%A9\_des\_algorithmes"
}
@misc{ complexite01,
        title = "Complexité d'un algorithme",
        howpublished = "http://igm.univ-mlv.fr/\~nicaud/poly/L1\_5.pdf",
        urldate = {2019-06-10}
}
@misc{haltingproblem01,
        title = "On computable numbers, with an application to the entscheidungsproblem",
        howpublished = "https://www.cs.virginia.edu/\~robins/Turing\_Paper\_1936.pdf",
         urldate = {2019-06-13}
    
    }
@misc{clang01,
        title = "Documentation de clang llvm" ,
        howpublished = "https://clang.llvm.org/comparison.html",
        urldate = {2019-06-13},
        }
        
@misc{pycparser01,
        title = "Documentation de PycParser",
        howpublished = "https://github.com/eliben/pycparser",
        urldate = {2019-06-15}
}